@misc{jaxElo,
  author = 	 {octosport.io},
  title = 	 {Rating and Predicting (e)Sports With Jax},
  year = 	 2022,
  howpublished = {https://www.kaggle.com/code/octosportio/rating-and-predicting-e-sports-with-jax},
  note = 	 {Accessed: 2024-06-20}
}

@misc{dataset,
  author= {Mateus Dauernheimer Machado},
  title = {CS:GO Professional Matches},
  year= 2020,
  howpublished= {https://www.kaggle.com/datasets/mateusdmachado/csgo-professional-matches},
  note = {Accessed: 2024-06-20}
}

@misc{navi,
  author = {Daniil Nababkin},
  title= {CS:GO Navi Win/Loss Predicting},
  year=2020,
  howpublished={https://www.kaggle.com/code/ravehorn/cs-go-navi-win-loss-predicting},
  note = {Accessed: 2024-06-20}
}

@misc{astralis,
  author = {Mauro Cardone},
  title= {CS:GO - Was Astralis cheating all along?},
  year=2023,
  howpublished={https://www.kaggle.com/code/maurocardone/cs-go-was-astralis-cheating-all-along},
  note = {Accessed: 2024-06-20}
}

@misc{glicko2,
  author = {Clint},
  title= {Glicko2 Prediction},
  year=2020,
  howpublished={https://www.kaggle.com/code/clintoris/glicko2-prediction},
  note = {Accessed: 2024-06-20}
}

